@book{alma991001241309703821,
abstract = {This textbook provides students with a clear and pedagogical introduction to the theory of stellar structure and evolution. It requires only basic physics and mathematics learnt in first and second year studies, and no prior knowledge of astronomy.},
author = {Prialnik, Dina.},
address = {Cambridge},
booktitle = {An introduction to the theory of stellar structure and evolution},
edition = {2nd ed.},
isbn = {9780521866040},
keywords = {Stars -- Structure},
language = {eng},
publisher = {Cambridge University Press},
title = {An introduction to the theory of stellar structure and evolution },
year = {2010 - 2008},
}

@article{beckwith1990survey,
  title={A survey for circumstellar disks around young stellar objects},
  author={Beckwith, Steven VW and Sargent, Anneila I and Chini, Rolf S and Guesten, Rolf},
  journal={The Astronomical Journal},
  volume={99},
  pages={924--945},
  year={1990}
}

@article{osterloh1995millimeter,
  title={Millimeter-wave continuum measurements of young stars},
  author={Osterloh, M and Beckwith, SVW},
  journal={The Astrophysical Journal},
  volume={439},
  pages={288--302},
  year={1995}
}

@article{urry1995unified,
  title={Unified schemes for radio-loud active galactic nuclei},
  author={Urry, C Megan and Padovani, Paolo},
  journal={Publications of the Astronomical Society of the Pacific},
  volume={107},
  number={715},
  pages={803},
  year={1995},
  publisher={IOP Publishing}
}

@book{armitage2020astrophysics,
  title={Astrophysics of planet formation},
  author={Armitage, Philip J},
  year={2020},
  publisher={Cambridge University Press}
}

@article{lin1990formation,
  title={The formation and initial evolution of protostellar disks},
  author={Lin, Douglas NC and Pringle, John E},
  journal={The Astrophysical Journal},
  volume={358},
  pages={515--524},
  year={1990}
}

@article{adams1986infrared,
  title={Infrared spectra of rotating protostars},
  author={Adams, FC and Shu, FH},
  journal={The Astrophysical Journal},
  volume={308},
  pages={836--853},
  year={1986}
}

@article{kenyon1987spectral,
  title={Spectral energy distributions of T Tauri stars-Disk flaring and limits on accretion},
  author={Kenyon, SJ and Hartmann, LW},
  journal={The Astrophysical Journal},
  volume={323},
  pages={714--733},
  year={1987}
}

@article{friedjung1985accretion,
  title={Accretion disks heated by luminous central stars},
  author={Friedjung, M},
  journal={Astronomy and Astrophysics},
  volume={146},
  pages={366--368},
  year={1985}
}

@article{natta1993temperature,
  title={The temperature profile of T Tauri disks},
  author={Natta, Antonella},
  journal={The Astrophysical Journal},
  volume={412},
  pages={761--770},
  year={1993}
}

@article{chiang1997spectral,
  title={Spectral energy distributions of T Tauri stars with passive circumstellar disks},
  author={Chiang, EI and Goldreich, P},
  journal={The Astrophysical Journal},
  volume={490},
  number={1},
  pages={368},
  year={1997},
  publisher={IOP Publishing}
}

@article{shu1987star,
  title={Star formation in molecular clouds: observation and theory},
  author={Shu, Frank H and Adams, Fred C and Lizano, Susana},
  journal={Annual review of astronomy and astrophysics},
  volume={25},
  number={1},
  pages={23--81},
  year={1987},
  publisher={Annual Reviews 4139 El Camino Way, PO Box 10139, Palo Alto, CA 94303-0139, USA}
}

@article{boss1997giant,
  title={Giant planet formation by gravitational instability},
  author={Boss, Alan P},
  journal={Science},
  volume={276},
  number={5320},
  pages={1836--1839},
  year={1997},
  publisher={American Association for the Advancement of Science}
}

@article{price2018phantom,
  title={Phantom: A smoothed particle hydrodynamics and magnetohydrodynamics code for astrophysics},
  author={Price, Daniel J and Wurster, James and Tricco, Terrence S and Nixon, Chris and Toupin, St{\'e}ven and Pettitt, Alex and Chan, Conrad and Mentiplay, Daniel and Laibe, Guillaume and Glover, Simon and others},
  journal={Publications of the Astronomical Society of Australia},
  volume={35},
  year={2018},
  publisher={Cambridge University Press}
}

@article{shakura1973black,
  title={Black holes in binary systems. Observational appearance.},
  author={Shakura, Ni I and Sunyaev, Rashid Alievich},
  journal={Astronomy and Astrophysics},
  volume={24},
  pages={337--355},
  year={1973}
}

@article{lodato2007warp,
  title={Warp diffusion in accretion discs: a numerical investigation},
  author={Lodato, Giuseppe and Pringle, JE},
  journal={Monthly Notices of the Royal Astronomical Society},
  volume={381},
  number={3},
  pages={1287--1300},
  year={2007},
  publisher={Blackwell Publishing Ltd Oxford, UK}
}

@article{lodato2011smoothed,
  title={Smoothed Particle Hydrodynamics for astrophysical flows},
  author={Lodato, G and Cossins, PJ},
  journal={The European Physical Journal Plus},
  volume={126},
  number={4},
  pages={1--20},
  year={2011},
  publisher={Springer}
}

@article{mentiplay2019plonk,
  title={Plonk: Smoothed particle hydrodynamics analysis and visualization with Python},
  author={Mentiplay, Daniel},
  journal={Journal of Open Source Software},
  volume={4},
  number={44},
  pages={1884},
  year={2019}
}

@ARTICLE{2019JOSS....4.1884M,
       author = {{Mentiplay}, Daniel},
        title = "{Plonk: Smoothed particle hydrodynamics analysis and visualization with Python}",
      journal = {The Journal of Open Source Software},
         year = "2019",
        month = "Dec",
       volume = {4},
       number = {44},
        pages = {1884},
          doi = {10.21105/joss.01884},
}

@article{bertin1999astronomy,
  title={Astronomy and Astrophysics},
  author={Bertin, G and Lodato, G},
  year={1999},
  publisher={Citeseer}
}
